<?xml version="1.0" encoding="UTF-8"?>
<collection xmlns:xsi="http://www.w3.org/2001/XMLSchema-instance" xsi:schemaLocation="http://www.loc.gov/MARC21/slim http://www.loc.gov/standards/marcxml/schema/MARC21slim.xsd" xmlns="http://www.loc.gov/MARC21/slim">
<record>
  <leader>00651cam a22002051  4500</leader>
  <controlfield tag="001">4911905</controlfield>
  <controlfield tag="003">NNC</controlfield>
  <controlfield tag="005">20130501015514.0</controlfield>
  <controlfield tag="008">880805s1937    ua afc        000 0 arard</controlfield>
  <datafield tag="035" ind1=" " ind2=" ">
    <subfield code="a">(OCoLC)ocm18317559</subfield>
  </datafield>
  <datafield tag="035" ind1=" " ind2=" ">
    <subfield code="a">(NNC)4911905</subfield>
  </datafield>
  <datafield tag="040" ind1=" " ind2=" ">
    <subfield code="a">WAU</subfield>
    <subfield code="c">WAU</subfield>
    <subfield code="d">NNC</subfield>
  </datafield>
  <datafield tag="090" ind1=" " ind2=" ">
    <subfield code="a">PJ7750.A25</subfield>
    <subfield code="b">R6 1937</subfield>
  </datafield>
  <datafield tag="100" ind1="0" ind2=" ">
    <subfield code="a">Abū al-ʻAlāʼ al-Maʻarrī,</subfield>
    <subfield code="d">973-1057.</subfield>
  </datafield>
  <datafield tag="245" ind1="1" ind2="0">
    <subfield code="a">Risālat al-ghufrān.</subfield>
    <subfield code="b">Sharḥ wa-ījāz Kāmil Kīlānī.</subfield>
  </datafield>
  <datafield tag="260" ind1=" " ind2=" ">
    <subfield code="a">[Cairo]</subfield>
    <subfield code="b">Maṭbaʻat al-Maʻārif</subfield>
    <subfield code="c">[1937?]</subfield>
  </datafield>
  <datafield tag="300" ind1=" " ind2=" ">
    <subfield code="a">2 v. (693 p.)</subfield>
    <subfield code="c">col. plates, port.</subfield>
  </datafield>
  <datafield tag="500" ind1=" " ind2=" ">
    <subfield code="a">Continuously paged.</subfield>
  </datafield>
  <datafield tag="700" ind1="1" ind2=" ">
    <subfield code="a">Kīlānī, Kāmil,</subfield>
    <subfield code="d">1897-1959,</subfield>
    <subfield code="e">editor.</subfield>
  </datafield>
  <datafield tag="955" ind1=" " ind2=" ">
    <subfield code="b">0026815672</subfield>
    <subfield code="d">glx</subfield>
    <subfield code="e">893.7Ab92 V53</subfield>
    <subfield code="v">v.1-2</subfield>
  </datafield>
</record>
</collection>